%% This BibTeX bibliography file was created using BibDesk.
%% http://bibdesk.sourceforge.net/

%% Created for Benjamin Sparkes at 2018-05-25 10:23:39 -0700 


%% Saved with string encoding Unicode (UTF-8) 



@article{Bott:2016aa,
	Author = {Bott, Lewis and Chemla, Emmanuel},
	Date-Added = {2018-05-25 17:23:36 +0000},
	Date-Modified = {2018-05-25 17:23:37 +0000},
	Journal = {Journal of Memory and Language},
	Pages = {117--140},
	Publisher = {Elsevier},
	Title = {Shared and distinct mechanisms in deriving linguistic enrichment},
	Volume = {91},
	Year = {2016}}
